@article{Yserentant1986,
author = {Yserentant, Harry},
doi = {10.1007/BF01389538},
file = {:Users/mahyar/Dropbox/WorkOS-workspace/Mandeley Desktop/Yserentant/Yserentant{\_}On the multi-level splitting of finite element spaces{\_}Numerische Mathematik{\_}1986.pdf:pdf},
issn = {0029-599X},
journal = {Numerische Mathematik},
month = {jul},
number = {4},
pages = {379--412},
title = {{On the multi-level splitting of finite element spaces}},
url = {http://link.springer.com/10.1007/BF01389538},
volume = {49},
year = {1986}
}
@incollection{Griebel1992,
author = {Griebel, M and Huber, W and R{\"{u}}de, U. and St{\"{o}}rtkuhl, T.},
booktitle = {Parallel Processing: CONPAR 92â€”VAPP V},
doi = {10.1007/3-540-55895-0_416},
editor = {Boug{\'{e}}, Luc and Cosnard, Michel and Robert, Yves and Trystram, Denis},
file = {:Users/mahyar/Dropbox/WorkOS-workspace/Mandeley Desktop/Griebel et al/Griebel et al.{\_}The combination technique for parallel sparse-grid-preconditioning or -solution of PDE's on workstation networks{\_}Parall.pdf:pdf},
pages = {217--228},
publisher = {Springer Berlin Heidelberg},
title = {{The combination technique for parallel sparse-grid-preconditioning or -solution of PDE's on workstation networks}},
url = {http://link.springer.com/10.1007/3-540-55895-0{\_}416},
year = {1992}
}
@article{Griebel1992a,
author = {Griebel, Michael},
doi = {10.1142/S0129626492000180},
file = {:Users/mahyar/Dropbox/WorkOS-workspace/Mandeley Desktop/Griebel/Griebel{\_}The Combination Technique for the Sparse Grid Solution of PDE's on Multiprocessor Machines{\_}Parallel Processing Letters{\_}1992.pdf:pdf},
issn = {0129-6264},
journal = {Parallel Processing Letters},
month = {mar},
number = {01},
pages = {61--70},
title = {{The Combination Technique for the Sparse Grid Solution of PDE's on Multiprocessor Machines}},
url = {http://www.worldscientific.com/doi/abs/10.1142/S0129626492000180},
volume = {02},
year = {1992}
}
@article{Griebel1992b,
author = {Griebel, Michael and Schneider, Michael and Zenger, Christoph},
file = {:Users/mahyar/Dropbox/WorkOS-workspace/Mandeley Desktop/Griebel, Schneider, Zenger/Griebel, Schneider, Zenger{\_}A combination technique for the solution of sparse grid problems{\_}Iterative methods in Linear Algebra{\_}1992.pdf:pdf},
journal = {Iterative methods in Linear Algebra},
pages = {263--281},
title = {{A combination technique for the solution of sparse grid problems}},
url = {http://citeseerx.ist.psu.edu/viewdoc/summary?doi=10.1.1.33.3530},
year = {1992}
}
@article{Pflaum1993,
author = {Pflaum, Christoph},
file = {:Users/mahyar/Dropbox/WorkOS-workspace/Mandeley Desktop/Pflaum/Pflaum{\_}Convergence of the Combination Technique for the Finite Element Solution of Poisson's Equation{\_}Institut fur Informatik Technische.pdf:pdf},
journal = {Institut fur Informatik: Technische Universitat Munchen},
keywords = {icle},
pages = {1--35},
title = {{Convergence of the Combination Technique for the Finite Element Solution of Poisson's Equation}},
url = {http://citeseerx.ist.psu.edu/viewdoc/summary?doi=10.1.1.48.5657},
year = {1993}
}
@article{Bungartz1994,
author = {Bungartz, H.-J. and Griebel, M. and R{\"{o}}schke, D. and Zenger, C.},
file = {:Users/mahyar/Dropbox/WorkOS-workspace/Mandeley Desktop/Bungartz et al/Bungartz et al.{\_}Pointwise convergence of the combination technique for Laplace's equation{\_}East-West J. Numer. Math{\_}1994.pdf:pdf},
journal = {East-West J. Numer. Math},
keywords = {35j05,65n06,65n15,65n22,65n55,ams,combination technique,discretization error,elliptic partial di erential,equations,mos,of elliptic boundary value,order of,out to be a,prob-,sparse grids,subject classi cations,the e cient solution,very interesting tool for},
pages = {21--45},
title = {{Pointwise convergence of the combination technique for Laplace's equation}},
volume = {2},
year = {1994}
}
@incollection{Rude1994,
address = {Basel},
author = {R{\"{u}}de, U.},
booktitle = {Multigrid Methods IV},
doi = {10.1007/978-3-0348-8524-9_21},
file = {:Users/mahyar/Dropbox/WorkOS-workspace/Mandeley Desktop/R{\"{u}}de/R{\"{u}}de{\_}Multilevel, Extrapolation, and Sparse Grid Methods{\_}Multigrid Methods IV{\_}1994.pdf:pdf},
number = {1},
pages = {281--294},
publisher = {Birkh{\"{a}}user Basel},
title = {{Multilevel, Extrapolation, and Sparse Grid Methods}},
url = {http://link.springer.com/10.1007/978-3-0348-8524-9{\_}21},
year = {1994}
}
@article{Griebel1995,
author = {Griebel, Michael and Thurner, Veronika},
doi = {10.1108/EUM0000000004119},
file = {:Users/mahyar/Dropbox/WorkOS-workspace/Mandeley Desktop/Griebel, Thurner/Griebel, Thurner{\_}The efficient solution of fluid dynamics problems by the combination technique{\_}International Journal of Numerical Metho.pdf:pdf},
issn = {0961-5539},
journal = {International Journal of Numerical Methods for Heat {\&} Fluid Flow},
month = {mar},
number = {3},
pages = {251--269},
title = {{The efficient solution of fluid dynamics problems by the combination technique}},
url = {http://www.emeraldinsight.com/doi/abs/10.1108/EUM0000000004119},
volume = {5},
year = {1995}
}
@article{Pflaum1997,
author = {Pflaum, Christoph},
file = {:Users/mahyar/Dropbox/WorkOS-workspace/Mandeley Desktop/Pflaum/Pflaum{\_}Convergence of the Combination Technique for Second-Order Elliptic Differential Equations{\_}SIAM Journal on Numerical Analysis{\_}1997.pdf:pdf},
journal = {SIAM Journal on Numerical Analysis},
number = {6},
pages = {2431--2455},
title = {{Convergence of the Combination Technique for Second-Order Elliptic Differential Equations}},
url = {http://www.jstor.org/stable/2951959},
volume = {34},
year = {1997}
}
@incollection{Bungartz1998,
author = {Bungartz, Hans-Joachim and Dornseifer, Thomas},
booktitle = {Multigrid Methods V (Lecture Notes in Computational Science and Engineering Volume 3)},
doi = {10.1007/978-3-642-58734-4_3},
file = {:Users/mahyar/Dropbox/WorkOS-workspace/Mandeley Desktop/Bungartz, Dornseifer/Bungartz, Dornseifer{\_}Sparse Grids Recent Developments for Elliptic Partial Differential Equations{\_}Multigrid Methods V (Lecture Notes in.pdf:pdf},
isbn = {978-3-642-58734-4},
pages = {45--70},
publisher = {Springer Berlin Heidelberg},
title = {{Sparse Grids: Recent Developments for Elliptic Partial Differential Equations}},
url = {http://link.springer.com/10.1007/978-3-642-58734-4{\_}3},
year = {1998}
}
@article{Gerstner1998,
author = {Gerstner, Thomas and Griebel, Michael},
doi = {10.1023/A:1019129717644},
file = {:Users/mahyar/Dropbox/WorkOS-workspace/Mandeley Desktop/Gerstner, Griebel/Gerstner, Griebel{\_}Numerical integration using sparse grids Thomas{\_}Numerical Algorithms{\_}1998.pdf:pdf},
issn = {10171398},
journal = {Numerical Algorithms},
keywords = {65c20,65d30,65d32,65m99,65r20,65u05,65y20,ams subject classification,com-,curse of dimension,multivariate numerical quadrature,plexity,s construction,smolyak,sparse grids},
number = {3/4},
pages = {209--232},
title = {{Numerical integration using sparse grids Thomas}},
url = {http://link.springer.com/10.1023/A:1019129717644},
volume = {18},
year = {1998}
}
@article{Griebel1998,
author = {Griebel, Michael},
doi = {10.1007/BF02684411},
file = {:Users/mahyar/Dropbox/WorkOS-workspace/Mandeley Desktop/Griebel/Griebel{\_}Adaptive sparse grid multilevel methods for elliptic PDEs based on finite differences{\_}Computing{\_}1998.pdf:pdf},
issn = {0010-485X},
journal = {Computing},
keywords = {finite difference,hash tables,multiscale method,sparse grids},
month = {jun},
number = {2},
pages = {151--179},
title = {{Adaptive sparse grid multilevel methods for elliptic PDEs based on finite differences}},
url = {http://link.springer.com/10.1007/BF02684411},
volume = {61},
year = {1998}
}
@article{Pflaum1999,
author = {Pflaum, C and Zhou, A},
doi = {10.1007/s002110050474},
file = {:Users/mahyar/Dropbox/WorkOS-workspace/Mandeley Desktop/Pflaum, Zhou/Pflaum, Zhou{\_}Error analysis of the combination technique{\_}Numerische Mathematik{\_}1999.pdf:pdf},
issn = {0029-599X},
journal = {Numerische Mathematik},
month = {dec},
number = {2},
pages = {327--350},
title = {{Error analysis of the combination technique}},
url = {http://link.springer.com/10.1007/s002110050474},
volume = {84},
year = {1999}
}
@incollection{Lastdrager2000,
author = {Lastdrager, Boris and Koren, Barry and Verwer, Jan},
booktitle = {Multigrid Methods VI},
doi = {10.1007/978-3-642-58312-4_19},
file = {:Users/mahyar/Dropbox/WorkOS-workspace/Mandeley Desktop/Lastdrager, Koren, Verwer/Lastdrager, Koren, Verwer{\_}The Sparse-Grid Combination Technique Applied to Time-Dependent Advection Problems{\_}Multigrid Methods VI{\_}2000.pdf:pdf},
issn = {01689274},
keywords = {advection problems,combination techniques,error analysis,sparse grids},
month = {sep},
pages = {143--149},
title = {{The Sparse-Grid Combination Technique Applied to Time-Dependent Advection Problems}},
url = {http://link.springer.com/10.1007/978-3-642-58312-4{\_}19},
volume = {14},
year = {2000}
}
@incollection{Zumbusch2000,
author = {Zumbusch, Gerhard},
booktitle = {Multigrid Methods VI},
doi = {10.1007/978-3-642-58312-4_39},
file = {:Users/mahyar/Dropbox/WorkOS-workspace/Mandeley Desktop/Zumbusch/Zumbusch{\_}Parallel Adaptively Refined Sparse Grids{\_}Multigrid Methods VI{\_}2000.pdf:pdf},
pages = {285--292},
publisher = {Springer Berlin Heidelberg},
title = {{Parallel Adaptively Refined Sparse Grids}},
url = {http://link.springer.com/10.1007/978-3-642-58312-4{\_}39},
year = {2000}
}
@article{Lastdrager2001,
author = {Lastdrager, Boris and Koren, Barry and Verwer, Jan},
doi = {10.1016/S0168-9274(01)00030-7},
file = {:Users/mahyar/Dropbox/WorkOS-workspace/Mandeley Desktop/Lastdrager, Koren, Verwer/Lastdrager, Koren, Verwer{\_}The sparse-grid combination technique applied to time-dependent advection problems{\_}Applied Numerical Mathemati.pdf:pdf},
issn = {01689274},
journal = {Applied Numerical Mathematics},
keywords = {advection problems,combination technique,error analysis,sparse grids},
month = {sep},
number = {4},
pages = {377--401},
title = {{The sparse-grid combination technique applied to time-dependent advection problems}},
url = {http://linkinghub.elsevier.com/retrieve/pii/S0168927401000307},
volume = {38},
year = {2001}
}
@inproceedings{Hegland2002,
author = {Hegland, Markus},
booktitle = {In: Proceedings of the Fifth International Conference on Curves and Surfaces, Saint-Malo},
file = {:Users/mahyar/Dropbox/WorkOS-workspace/Mandeley Desktop/Hegland/Hegland{\_}Additive Sparse Grid Fitting{\_}In Proceedings of the Fifth International Conference on Curves and Surfaces, Saint-Malo{\_}2002.pdf:pdf},
number = {February},
pages = {209--218},
title = {{Additive Sparse Grid Fitting}},
year = {2002}
}
@article{Hegland2003,
author = {Hegland, M},
doi = {10.21914/anziamj.v44i0.685},
file = {:Users/mahyar/Dropbox/WorkOS-workspace/Mandeley Desktop/Hegland/Hegland{\_}Adaptive sparse grids{\_}ANZIAM Journal{\_}2003.pdf:pdf},
issn = {1445-8810},
journal = {ANZIAM Journal},
month = {apr},
number = {April},
pages = {C335--C353},
title = {{Adaptive sparse grids}},
url = {http://journal.austms.org.au/ojs/index.php/ANZIAMJ/article/view/685},
volume = {44},
year = {2003}
}
@techreport{Garcke2006a,
address = {Canberra},
author = {Garcke, Jochen},
booktitle = {Centre for Mathematics and its Applications Mathematical Sciences Institute},
file = {:Users/mahyar/Dropbox/WorkOS-workspace/Mandeley Desktop/Garcke/Garcke{\_}Sparse Grid Tutorial Jochen{\_}Centre for Mathematics and its Applications Mathematical Sciences Institute{\_}2006.pdf:pdf},
pages = {1--25},
publisher = {Australian National University},
title = {{Sparse Grid Tutorial Jochen}},
year = {2006}
}
@inproceedings{Garcke2006,
address = {New York, New York, USA},
author = {Garcke, Jochen},
booktitle = {Proceedings of the 23rd international conference on Machine learning - ICML '06},
doi = {10.1145/1143844.1143885},
file = {:Users/mahyar/Dropbox/WorkOS-workspace/Mandeley Desktop/Garcke/Garcke{\_}Regression with the optimised combination technique{\_}Proceedings of the 23rd international conference on Machine learning - ICML '.pdf:pdf},
isbn = {1595933832},
pages = {321--328},
publisher = {ACM Press},
title = {{Regression with the optimised combination technique}},
url = {http://portal.acm.org/citation.cfm?doid=1143844.1143885},
year = {2006}
}
@incollection{Garcke2007a,
author = {Garcke, Jochen},
booktitle = {Proceedings of the 13th Biennial Computational Techniques and Applications Conference, CTAC-2006},
doi = {10.21914/anziamj.v48i0.70},
editor = {Read, Wayne and Larson, Jay W. and Roberts, A. J.},
file = {:Users/mahyar/Dropbox/WorkOS-workspace/Mandeley Desktop/Garcke/Garcke{\_}A dimension adaptive sparse grid combination technique for machine learning{\_}Proceedings of the 13th Biennial Computational Techni.pdf:pdf},
pages = {C725----C740},
title = {{A dimension adaptive sparse grid combination technique for machine learning}},
url = {http://journal.austms.org.au/ojs/index.php/ANZIAMJ/article/view/70},
volume = {48},
year = {2007}
}
@article{Garcke2007,
author = {Garcke, Jochen},
doi = {10.1002/pamm.200700261},
file = {:Users/mahyar/Dropbox/WorkOS-workspace/Mandeley Desktop/Garcke/Garcke{\_}An optimised sparse grid combination technique for eigenproblems{\_}PAMM{\_}2007.pdf:pdf},
issn = {16177061},
journal = {PAMM},
month = {dec},
number = {1},
pages = {1022301--1022302},
title = {{An optimised sparse grid combination technique for eigenproblems}},
url = {http://doi.wiley.com/10.1002/pamm.200700261},
volume = {7},
year = {2007}
}
@article{Hegland2007,
author = {Hegland, Markus and Garcke, Jochen and Challis, Vivien},
doi = {10.1016/j.laa.2006.07.014},
file = {:Users/mahyar/Dropbox/WorkOS-workspace/Mandeley Desktop/Hegland, Garcke, Challis/Hegland, Garcke, Challis{\_}The combination technique and some generalisations{\_}Linear Algebra and its Applications{\_}2007.pdf:pdf},
issn = {00243795},
journal = {Linear Algebra and its Applications},
keywords = {high-dimensional approximation,linear combination of projections,sparse grids},
month = {jan},
number = {2-3},
pages = {249--275},
title = {{The combination technique and some generalisations}},
url = {http://linkinghub.elsevier.com/retrieve/pii/S002437950600334X},
volume = {420},
year = {2007}
}
@article{Franz2009,
author = {Franz, Sebastian and Liu, Fang and Roos, Hans-g{\"{o}}rg and Stynes, Martin and Zhou, Aihui},
doi = {10.1007/s10492-009-0013-9},
file = {:Users/mahyar/Dropbox/WorkOS-workspace/Mandeley Desktop/Franz et al/Franz et al.{\_}The combination technique for a two-dimensional convection-diffusion problem with exponential layers{\_}Applications of Mathem.pdf:pdf},
issn = {0862-7940},
journal = {Applications of Mathematics},
month = {jun},
number = {3},
pages = {203--223},
title = {{The combination technique for a two-dimensional convection-diffusion problem with exponential layers}},
url = {http://link.springer.com/10.1007/s10492-009-0013-9},
volume = {54},
year = {2009}
}
@inproceedings{Gaikwad2009,
address = {New York, New York, USA},
author = {Gaikwad, Abhijeet and Toke, Ioane Muni},
booktitle = {Proceedings of the 2nd Workshop on High Performance Computational Finance - WHPCF '09},
doi = {10.1145/1645413.1645419},
file = {:Users/mahyar/Dropbox/WorkOS-workspace/Mandeley Desktop/Gaikwad, Toke/Gaikwad, Toke{\_}GPU based sparse grid technique for solving multidimensional options pricing PDEs{\_}Proceedings of the 2nd Workshop on High.pdf:pdf},
isbn = {9781605587165},
keywords = {iterative solvers,multidimensional option,nvidia cuda},
pages = {1--9},
publisher = {ACM Press},
title = {{GPU based sparse grid technique for solving multidimensional options pricing PDEs}},
url = {http://portal.acm.org/citation.cfm?doid=1645413.1645419},
year = {2009}
}
@article{Garcke2009,
author = {Garcke, Jochen and Hegland, Markus},
doi = {10.1007/s00607-009-0027-x},
file = {:Users/mahyar/Dropbox/WorkOS-workspace/Mandeley Desktop/Garcke, Hegland/Garcke, Hegland{\_}Fitting multidimensional data using gradient penalties and the sparse grid combination technique{\_}Computing{\_}2009.pdf:pdf},
issn = {0010-485X},
journal = {Computing},
keywords = {2000,combination technique,data,high-dimensional,mathematics subject classification,regression,regularisation,sparse grids},
month = {apr},
number = {1-2},
pages = {1--25},
title = {{Fitting multidimensional data using gradient penalties and the sparse grid combination technique}},
url = {http://link.springer.com/10.1007/s00607-009-0027-x},
volume = {84},
year = {2009}
}
@incollection{Garcke2013,
address = {Berlin, Heidelberg},
author = {Garcke, Jochen},
booktitle = {Sparse Grids and Applications},
doi = {10.1007/978-3-642-31703-3},
editor = {Garcke, Jochen and Griebel, Michael},
file = {:Users/mahyar/Dropbox/WorkOS-workspace/Mandeley Desktop/Garcke/Garcke{\_}Sparse Grids in a Nutshell{\_}Sparse Grids and Applications{\_}2013.pdf:pdf},
isbn = {978-3-642-31702-6},
pages = {57--80},
publisher = {Springer Berlin Heidelberg},
series = {Lecture Notes in Computational Science and Engineering},
title = {{Sparse Grids in a Nutshell}},
url = {http://link.springer.com/10.1007/978-3-642-31703-3},
volume = {88},
year = {2013}
}
@article{Hupp2013,
abstract = {The sparse grid combination technique provides a framework to solve high dimensional numerical problems with standard solvers. Hierarchization is preprocessing step facilitating the communication needed for the combination technique. The derived hierarchization algorithm outperforms the baseline by up to 30x and achieves close to 5{\%} of peak performance. It also shows stable performance for the tested data sets of up to 1 GB.},
archivePrefix = {arXiv},
arxivId = {1309.0392},
author = {Hupp, Philipp},
eprint = {1309.0392},
file = {:Users/mahyar/Dropbox/WorkOS-workspace/Mandeley Desktop/Hupp/Hupp{\_}Hierarchization for the Sparse Grid Combination Technique{\_}CoRR Computing Research Repository{\_}2013.pdf:pdf},
journal = {CoRR Computing Research Repository},
keywords = {Cornell University},
mendeley-tags = {Cornell University},
month = {aug},
title = {{Hierarchization for the Sparse Grid Combination Technique}},
url = {http://arxiv.org/abs/1309.0392 http://e-citations.ethbib.ethz.ch/view/pub:122190},
year = {2013}
}
@article{Kowitz2013,
author = {Kowitz, Christoph and Hegland, Markus},
doi = {10.1016/j.procs.2013.05.208},
file = {:Users/mahyar/Dropbox/WorkOS-workspace/Mandeley Desktop/Kowitz, Hegland/Kowitz, Hegland{\_}The Sparse Grid Combination Technique for Computing Eigenvalues in Linear Gyrokinetics{\_}Procedia Computer Science{\_}2013.pdf:pdf},
issn = {18770509},
journal = {Procedia Computer Science},
keywords = {eigenvalues,gyrokinetics,sparse grids},
pages = {449--458},
publisher = {Elsevier B.V.},
title = {{The Sparse Grid Combination Technique for Computing Eigenvalues in Linear Gyrokinetics}},
url = {http://dx.doi.org/10.1016/j.procs.2013.05.208 http://linkinghub.elsevier.com/retrieve/pii/S1877050913003517},
volume = {18},
year = {2013}
}
@article{Larson2013,
author = {Larson, J.W. and Hegland, M and Harding, B and Roberts, S and Stals, L and Rendell, A.P. and Strazdins, P. and Ali, M.M. and Kowitz, C. and Nobes, R. and Southern, J. and Wilson, N. and Li, M. and Oishi, Y.},
doi = {10.1016/j.procs.2013.05.176},
file = {:Users/mahyar/Dropbox/WorkOS-workspace/Mandeley Desktop/Larson et al/Larson et al.{\_}Fault-Tolerant Grid-Based Solvers Combining Concepts from Sparse Grids and MapReduce{\_}Procedia Computer Science{\_}2013.pdf:pdf},
isbn = {6126125789},
issn = {18770509},
journal = {Procedia Computer Science},
keywords = {equations,fault-tolerance,mapreduce,parallel computing,partial di ff erential,sparse grids},
pages = {130--139},
title = {{Fault-Tolerant Grid-Based Solvers: Combining Concepts from Sparse Grids and MapReduce}},
url = {http://linkinghub.elsevier.com/retrieve/pii/S1877050913003190},
volume = {18},
year = {2013}
}
@article{Reisinger2013,
author = {Reisinger, Christoph},
doi = {10.1093/imanum/drs004},
file = {:Users/mahyar/Dropbox/WorkOS-workspace/Mandeley Desktop/Reisinger/Reisinger{\_}Analysis of linear difference schemes in the sparse grid combination technique{\_}IMA Journal of Numerical Analysis{\_}2013.pdf:pdf},
issn = {0272-4979},
journal = {IMA Journal of Numerical Analysis},
keywords = {combination technique,error expansions,finite-difference schemes,sparse grids},
month = {apr},
number = {2},
pages = {544--581},
title = {{Analysis of linear difference schemes in the sparse grid combination technique}},
url = {http://imanum.oxfordjournals.org/cgi/doi/10.1093/imanum/drs004},
volume = {33},
year = {2013}
}
@incollection{Heene2014,
author = {Heene, Mario and Kowitz, Christoph and Pfl{\"{u}}ger, Dirk},
booktitle = {Advances in Parallel Computing (Volume 25: Parallel Computing: Accelerating Computational Science and Engineering (CSE)},
doi = {10.3233/978-1-61499-381-0-574},
file = {:Users/mahyar/Dropbox/WorkOS-workspace/Mandeley Desktop/Heene, Kowitz, Pfl{\"{u}}ger/Heene, Kowitz, Pfl{\"{u}}ger{\_}Load Balancing for Massively Parallel Computations with the Sparse Grid Combination Technique{\_}Advances in Parall.pdf:pdf},
keywords = {combination technique,exascale,gene,load balancing,sparse grids},
pages = {574 -- 583},
title = {{Load Balancing for Massively Parallel Computations with the Sparse Grid Combination Technique}},
url = {http://ebooks.iospress.nl/publication/35927},
year = {2014}
}
@article{Erhel2015,
author = {Erhel, J and Mghazli, Z and Oumouni, M},
doi = {10.1016/j.cma.2015.09.009},
file = {:Users/mahyar/Dropbox/WorkOS-workspace/Mandeley Desktop/Erhel, Mghazli, Oumouni/Erhel, Mghazli, Oumouni{\_}An adaptive sparse grid method for elliptic PDEs with stochastic coefficients{\_}Computer Methods in Applied Mechan.pdf:pdf},
issn = {00457825},
journal = {Computer Methods in Applied Mechanics and Engineering},
keywords = {adaptive method,anisotropic sparse grid,elliptic pdes with random,input data,stochastic collocation method},
month = {dec},
pages = {392--407},
publisher = {Elsevier B.V.},
title = {{An adaptive sparse grid method for elliptic PDEs with stochastic coefficients}},
url = {http://dx.doi.org/10.1016/j.cma.2015.09.009 http://linkinghub.elsevier.com/retrieve/pii/S0045782515003035},
volume = {297},
year = {2015}
}
@article{Bohn2016,
author = {Bohn, Bastian and Garcke, Jochen and Griebel, Michael},
doi = {10.1016/j.jcp.2015.12.033},
file = {:Users/mahyar/Dropbox/WorkOS-workspace/Mandeley Desktop/Bohn, Garcke, Griebel/Bohn, Garcke, Griebel{\_}A sparse grid based method for generative dimensionality reduction of high-dimensional data{\_}Journal of Computation.pdf:pdf},
issn = {0021-9991},
journal = {Journal of Computational Physics},
pages = {1--17},
publisher = {Elsevier Inc.},
title = {{A sparse grid based method for generative dimensionality reduction of high-dimensional data}},
url = {http://dx.doi.org/10.1016/j.jcp.2015.12.033},
volume = {309},
year = {2016}
}

%indirect citations

@article{smolyak63quadrature,
annote = {Also in Doklady Akademii Nauk SSSR, Vol. 148, 1963, pp. 10421043. in russian},
author = {Smolyak, S},
journal = {Soviet Mathematics, Doklady},
pages = {240--243},
title = {{Quadrature and Interpolation Formulas for Tensor Products of Certain Classes of Functions}},
volume = {4},
year = {1963}
}

@inproceedings{Rude92extrapolationand,
author = {R{\"{u}}de, U},
booktitle = {BERICHT I-9135, INSTITUT FUR INFORMATIK, TU MUNCHEN},
title = {{Extrapolation and Related Techniques for Solving Elliptic Equations}},
year = {1992}
}

@incollection{Griebel:1993*3,
  author = {M. Griebel},
  title = {Sparse grid multilevel methods, their parallelization and
		  their application to {CFD}},
  editor = {J. H\"aser},
  booktitle = {Parallel Computational Fluid Dynamics 92},
  address = {New Brunswick},
  publisher = {Elsevier},
  pages = {161--174},
  annote = {series},
  year = {1993}
}

@article{Zenger1990,
author = {Zenger, C.},
journal = {Notes on Numerical Fluid Mechanics - Parallel Algorithms for Partial Differential Equations (W. Hackbusch, ed.)},
title = {{Sparse grids}},
volume = {31},
year = {1990}
}

@incollection{Griebel1999,
address = {Basel},
author = {Griebel, Michael and Zumbusch, Gerhard},
booktitle = {Hyperbolic Problems: Theory, Numerics, Applications},
doi = {10.1007/978-3-0348-8720-5_45},
pages = {411--422},
publisher = {Birkh{\"{a}}user Basel},
title = {{Adaptive Sparse Grids for Hyperbolic Conservation Laws}},
url = {http://link.springer.com/10.1007/978-3-0348-8720-5{\_}45},
year = {1999}
}

@article{Henshaw1996,
author = {Henshaw, William D.},
doi = {10.1017/S0962492900002634},
file = {:Users/mahyar/Dropbox/WorkOS-workspace/Mandeley Desktop/Henshaw/Henshaw{\_}Automatic grid generation{\_}Acta Numerica{\_}1996.pdf:pdf},
issn = {0962-4929},
journal = {Acta Numerica},
month = {jan},
pages = {121},
title = {{Automatic grid generation}},
url = {http://www.journals.cambridge.org/abstract{\_}S0962492900002634},
volume = {5},
year = {1996}
}

@article{Ebeida2010,
author = {Ebeida, Mohamed S and Davis, Roger L and Freund, Roland W},
doi = {10.1002/nme},
file = {:Users/mahyar/Dropbox/WorkOS-workspace/Mandeley Desktop/Ebeida, Davis, Freund/Ebeida, Davis, Freund{\_}A new fast hybrid adaptive grid generation technique for arbitrary two-dimensional domains{\_}Library{\_}2010.pdf:pdf},
journal = {Library},
keywords = {adaptive,computational fluid dynamics,finite element method,grid generation,line-relaxation method,method,multi-grid,quaddominant,quadtree},
number = {April},
pages = {305--329},
title = {{A new fast hybrid adaptive grid generation technique for arbitrary two-dimensional domains}},
year = {2010}
}

